% Encoding: UTF-8

@Misc{PWA,
  author       = {{Google Developers}},
  title        = {{Progressive Web Apps}},
  howpublished = {\url{https://developers.google.com/web/progressive-web-apps} (28.06.2018)},
}

@InProceedings{Softwarehistoryunderthelens,
  author    = {M. Codoban and S. S. Ragavan and D. Dig and B. Bailey},
  title     = {Software history under the lens: A study on why and how developers examine it},
  booktitle = {2015 IEEE International Conference on Software Maintenance and Evolution (ICSME)},
  year      = {2015},
  pages     = {1-10},
  month     = {Sept},
  doi       = {10.1109/ICSM.2015.7332446},
  keywords  = {human factors;software houses;software management;software change management;software history;software industry;Context;Encoding;History;Industries;Interviews;Lenses;Software;human aspects of software evolution;software change management;software history;user studies},
}

@Article{25YearsofSoftwareHistory,
  author   = {-},
  title    = {The Big Bang: 25 Years of Software History},
  journal  = {IEEE Software},
  year     = {2008},
  volume   = {25},
  number   = {6},
  pages    = {6-14},
  month    = {Nov},
  issn     = {0740-7459},
  doi      = {10.1109/MS.2008.164},
  keywords = {Computer industry;Computer networks;Domain Name System;History;Internet;Jacobian matrices;Production;Programming profession;Software engineering;Voting;software history;software milestones;time line},
}

@Article{WhatMakestheHistoryofSoftwareHard,
  author   = {M. S. Mahoney},
  title    = {What Makes the History of Software Hard},
  journal  = {IEEE Annals of the History of Computing},
  year     = {2008},
  volume   = {30},
  number   = {3},
  pages    = {8-18},
  month    = {July},
  issn     = {1058-6180},
  doi      = {10.1109/MAHC.2008.55},
  keywords = {computer software;history;computational models;historical experience;software history;Biomedical informatics;Computational modeling;History;Humans;Microcomputers;Optical computing;Permission;Photonic integrated circuits;Shape;Software tools},
}

@Article{TheHistoryoftheHistoryofSoftware,
  author   = {M. Campbell-Kelly},
  title    = {The History of the History of Software},
  journal  = {IEEE Annals of the History of Computing},
  year     = {2007},
  volume   = {29},
  number   = {4},
  pages    = {40-51},
  month    = {Oct},
  issn     = {1058-6180},
  doi      = {10.1109/MAHC.2007.4407444},
  keywords = {DP industry;history;hardware development;software development;software history;software industry;software professions;Application software;Computer industry;Educational institutions;Hardware;History;Laboratories;Physics computing;Power generation economics;Programming profession;Technology transfer;computers and society;computing milieux;history of computing;history of software},
}

@Misc{Geraetenutzung,
  author       = {{Mindshare}},
  title        = {{Über welche der folgenden Geräte nutzen Sie das Internet?}},
  howpublished = {\href{https://de.statista.com/statistik/daten/studie/742449/umfrage/umfrage-zur-internetnutzung-nach-geraetetyp-in-oesterreich-nach-alter}{Gerätenutzung}(2018)},
}

@Book{WasistSoftware,
  title     = {Lehrbuch der Softwaretechnik: Softwaremanagement},
  publisher = {Springer Spektrum},
  year      = {2008},
  author    = {Balzert, Helmut},
  address   = {Heidelberg, Neckar},
  edition   = {2., Aufl.},
  isbn      = {978-3-8274-1705-3},
  interhash = {c25f0a2b873cdb0e02032ad579e5bc29},
  intrahash = {030a63590fe5f5b21193e1f1ec354602},
  keywords  = {UBMA},
  pages     = {17 - 18},
  timestamp = {2009-09-29T14:55:28.000+0200},
}

@INPROCEEDINGS{PWAvsNative, 
author={D. Fortunato and J. Bernardino}, 
booktitle={2018 13th Iberian Conference on Information Systems and Technologies (CISTI)}, 
title={Progressive web apps: An alternative to the native mobile Apps}, 
year={2018}, 
volume={}, 
number={}, 
pages={1-6}, 
keywords={Androids;Browsers;Global Positioning System;Google;Humanoid robots;Internet;Smart phones;Android;Mobile Native Apps;Progressive Web Apps;Web Apps;Windows;iOS}, 
doi={10.23919/CISTI.2018.8399228}, 
ISSN={}, 
month={June},}

@Misc{NativeAppHistory,
  author       = {{Mindshare}},
  title        = {{Software - Geschichte der Software}},
  howpublished = {\url{http://www.wave3software.com} (2018)},
}

@Misc{Microsoft,
  author       = {{Microsoft Corporation}},
  title        = {{Microsoft Fast Facts}},
  howpublished = {\url{https://news.microsoft.com/de-de/fast-facts} (2018)},
}

@Misc{SAP,
  author       = {{SAP SE}},
  title        = {{SAP: 46 Jahre Innovation}},
  howpublished = {\url{https://www.sap.com/corporate/de/company/history.html} (2018)},
}

@Misc{NativeApp,
  author       = {{App Entwickler Verzeichnis}},
  title        = {{\\}{Native Apps vs. Web Apps - Unterschiede und Vorteile}},
  howpublished = {\url{https://app-entwickler-verzeichnis.de/faq-app-entwicklung/11-definitionen/586-unterschiede-und-vergleich-native-apps-vs-web-apps-2} (2018)},
}

@Misc{Hochsprachen,
  author       = {{Margaret Rouse, Alexander Gillis}},
  title        = {{DEFINITION native App}},
  howpublished = {{\\}\url{https://searchsoftwarequality.techtarget.com/definition/native-application-native-app} (2013)},
}

@Misc{WebApps,
  author       = {{Stephan Augsten}},
  title        = {{Defintion „Webanwendung“ Was ist eine Web App?}},
  howpublished = {\url{https://www.dev-insider.de/was-ist-eine-web-app-a-596814} (20.04.2017)},
}

@Misc{WebAppsVsHybridApps,
  author       = {{Admin}},
  title        = {{Progressive Web vs Hybrid vs Native Apps: What Are They and Which Should I Choose?}},
  howpublished = {{\urlhttp://igniva.digital/progressive-web-hybrid-native-apps} (20.04.2017)},
}

@Misc{HybridApps,
  author       = {{Beratung FLYACTS}},
  title        = {{\\}{Hybrid-Apps – Definition, Eigenschaften, Einsatzorte, Vorteile und Beispiele}},
  howpublished = {\url{https://www.flyacts.com/hybrid-apps-definition-eigenschaften-einsatzorte-vorteile-und-beispiele} (03.12.2013)},
}

@Misc{CSS,
  author       = {{Anton Shaleynikov}},
  title        = {{Top 5 Most Popular CSS Frameworks that You Should Pay Attention to in 2017}},
  howpublished = {\url{https://hackernoon.com/top-5-most-popular-css-frameworks-that-you-should-pay-attention-to-in-2017-344a8b67fba1} (2018)},
}

@Misc{PWAAdjectives,
  author       = {{Google Developers}},
  title        = {{Your First Progressive Web App}},
  howpublished = {{\\}\url{https://codelabs.developers.google.com/codelabs/your-first-pwapp/index.html} (2018)},
}

@Misc{ServiceWorkerRegistration,
  author       = {{Google Developers}},
  title        = {{Your First Progressive Web App}},
  howpublished = {\url{https://developers.google.com/web/fundamentals/primers/service-workers} (2018)},
}
@Misc{ServiceWorkerRegistrationGoogle,
  author       = {{Jeff Posnick}},
  title        = {{Service Worker Registration}},
  howpublished = {\url{https://developers.google.com/web/fundamentals/primers/service-workers/registration} (02.07.2018)},
}

@Misc{ServiceWorkerArchitecture,
  author       = {{David Guan}},
  title        = {{Using Service Workers}},
  howpublished = {\url{https://developer.mozilla.org/en-US/docs/Web/API/Service_Worker_API/Using_Service_Workers} (03.07.2018)},
}

@Misc{ServiceWorker,
  author       = {{Bitbruder, TobiDo, Heniz}},
  title        = {{Service Worker API}},
  howpublished = {\url{https://developer.mozilla.org/de/docs/Web/API/Service_Worker_API} (30.01.2018)},
}

@Misc{Worker,
  author       = {{Dennis Sterzenbach}},
  title        = {{Worker}},
  howpublished = {\url{https://developer.mozilla.org/de/docs/Web/API/Worker} (21.12.2017)},
}

@Misc{PushNotifikation,
  author       = {{Google Developers}},
  title        = {{4.3.1 Einführung in Push-Benachrichtigungen im Web und Benachrichtigungen}},
  howpublished = {\url{https://support.google.com/partners/answer/7336533} (2018)},
}
@Misc{PushNotifikationServer,
  author       = {{Google Developers}},
  title        = {{Introduction to Push Notifications}},
  howpublished = {\url{https://developers.google.com/web/ilt/pwa/introduction-to-push-notifications} (2018)},
}

@Misc{Manifest,
  author       = {{Matt Gaunt, Paul Kinlan}},
  title        = {{The Web App Manifest}},
  howpublished = {\url{https://developers.google.com/web/fundamentals/web-app-manifest} (02.07.2018)},
}

@Misc{AddToHomescreen,
  author       = {{Pete LePage}},
  title        = {{Add to Home Screen}},
  howpublished = {\url{https://developers.google.com/web/fundamentals/app-install-banners} (17.07.2018)},
}


@Misc{CacheAPI,
  author       = {{Google Developers}},
  title        = {{Caching Files with Service Worker}},
  howpublished = {\url{https://developers.google.com/web/ilt/pwa/caching-files-with-service-worker} (09.04.2018)},
}

@Misc{IndexDB,
  author       = {{J Doose}},
  title        = {{IndexedDB}},
  howpublished = {\url{https://developer.mozilla.org/de/docs/IndexedDB} (26.01.2018)},
}

@Misc{Promises,
  author       = {{J Nnkm}},
  title        = {{Promise}},
  howpublished = {\url{https://developer.mozilla.org/de/docs/Web/JavaScript/Reference/Global_Objects/Promise} (09.05.2018)},
}

@Misc{PwaNvaWa,
  author       = {{Robert}},
  title        = {{Progressive Web Apps (PWA)\\Was ist das überhaupt und wie nutzt man sie?}},
  howpublished = {\url{https://apptooltester.com/de/progressive-web-apps} (12.03.2018)},
}

@Misc{UserLocation,
  author       = {{Paul Kinlan}},
  title        = {{User Location}},
  howpublished = {\url{https://developers.google.com/web/fundamentals/native-hardware/user-location} (02.07.2018)},
}

@Misc{HTTPS,
  author       = {{James Lloyd}},
  title        = {{What is the difference between HTTP and HTTPS?}},
  howpublished = {\url{https://www.quora.com/What-is-the-difference-between-HTTP-and-HTTPS} (20.09.2016)},
}

@Misc{BrowserSupport,
  author       = {{Fyrd, Lensco}},
  title        = {{Can I Use}},
  howpublished = {\url{https://caniuse.com} (25.06.2018)},
}
@Misc{Lighthouse,
  author       = {{Google Developers}},
  title        = {{Lighthouse}},
  howpublished = {\url{https://developers.google.com/web/tools/lighthouse} (09.04.2018)},
}

@INPROCEEDINGS{AlternativePWA, 
author={D. Fortunato and J. Bernardino}, 
booktitle={2018 13th Iberian Conference on Information Systems and Technologies (CISTI)}, 
title={Progressive web apps: An alternative to the native mobile Apps}, 
year={2018}, 
volume={}, 
number={}, 
pages={1-6}, 
keywords={mobile computing;online front-ends;operating systems (computers);mobile market;optimized mobile apps;mobile operation systems;web technologies;web developments;mobile native apps;mobile platform;progressive web apps;native mobile apps;Browsers;Androids;Humanoid robots;Google;Internet;Smart phones;Global Positioning System;Web Apps;Progressive Web Apps;Android;iOS;Windows;Mobile Native Apps}, 
doi={10.23919/CISTI.2018.8399228}, 
ISSN={}, 
month={June},}

@INPROCEEDINGS{SWProxy, 
author={A. Luntovskyy}, 
booktitle={2018 14th International Conference on Advanced Trends in Radioelecrtronics, Telecommunications and Computer Engineering (TCSET)}, 
title={Advanced software-technological approaches for mobile apps development}, 
year={2018}, 
volume={}, 
number={}, 
pages={113-118}, 
keywords={cloud computing;mobile computing;mobile radio;operating systems (computers);mobile radio nets;mobile access;hybrid applications;mobile application development;Web-based applications;OS containers;sandboxes;AJAX;service workers;progressive Web applications;fog-cloud cooperation;plain Web applications;Virtualization;Cloud computing;Java;Containers;Sensors;Browsers;Computer architecture;clouds;mobile apps;web apps;progressive web apps;fog;fog-cloud platform}, 
doi={10.1109/TCSET.2018.8336168}, 
ISSN={}, 
month={Feb},}

@Comment{jabref-meta: databaseType:bibtex;}
